%% This BibTeX bibliography file was created using BibDesk.
%% http://bibdesk.sourceforge.net/

%% Created for Beno\^it Fraikin at 2017-03-27 13:12:45 -0400 

%% Saved with string encoding Unicode (UTF-8) 

@inbook{Ch.96-Programmer-avec-Scheme,
	Author = {Jacques Chazarain},
	Booktitle = {Programmer avec Scheme},
	Chapter = {8},
	Pages = {235--268},
	Publisher = {Thomson Publishing},
	Title = {Programmer avec Scheme},
	Year = {1996}}

@book{Abr.96-BBook,
	Address = {Cambridge, UK},
	Author = {Jean-Raymond Abrial},
	Isbn = {0-521-49619-5},
	Length = {850},
	Publisher = {Cambridge University Press},
	Title = {The B-Book: Assigning Programs to Meanings},
	Year = {1996}}

@book{Hoa.85-CSP,
	Address = {Englewood Cliffs, NJ},
	Author = {Charles A. R. Hoare},
	Isbn = {0-13-153271-5},
	Publisher = {Prentice-Hall},
	Title = {Communicating Sequential Processes},
	Year = {1985}}

@book{Jac.83-JSD,
	Address = {Englewood Cliffs},
	Author = {Michael Jackson},
	Isbn = {0-13-880328-5},
	Publisher = {Prentice Hall},
	Title = {System Development},
	Year = {1983}}

@book{Mil.89-CCS,
	Author = {Robin Milner},
	Publisher = {Prentice Hall},
	Series = {International Series in Computer Science},
	Title = {Communication and Concurrency},
	Year = {1989}}

@article{FSd.03-eb3,
	Author = {Marc Frappier and Richard St-Denis},
	Journal = {Software and System Modeling},
	Month = jul,
	Number = {2},
	Pages = {134--149},
	Title = {{EB${}^{3}$}. an Entity-Based Black-Box Specification Method for Information Systems},
	Volume = {2},
	Year = {2003}}

@article{FFL.05-SOSYM,
	Author = {Beno{\^\i}t Fraikin and Marc Frappier and R{\'e}gine Laleau},
	Doi = {10.1007/s10270-005-0083-4},
	Journal = {Software and System Modeling},
	Month = jul,
	Number = {3},
	Pages = {236--257},
	Title = {State-Based versus Event-Based Specifications for Information System Specification. a comparison of B and $\textsc{eb}^{3}$},
	Volume = {4},
	Year = {2005}}

@article{Bo.84-VVS,
	Author = {Barry W. Boehm},
	Journal = {IEEE Software},
	Keywords = {Verification},
	Number = {1},
	Pages = {75--88},
	Title = {{Verifying and Validating Software Requirements and Design Specifications.}},
	Volume = {1},
	Year = {1984}}

@proceedings{LeWe.09-IFM,
	Booktitle = {Integrated Formal Methods},
	Doi = {10.1007/978-3-642-00255-7},
	Editor = {Michael Leuschel and Heike Wehrheim},
	Keywords = {Formal methods},
	Month = feb,
	Publisher = {Springer Berlin / Heidelberg},
	Series = {Lecture Notes in Computer Science},
	Title = {Integrated Formal Methods. 7th International Conference, IFM 2009, D{\"u}sseldorf, Germany, February 16--19, 2009. Proceedings},
	Volume = {5423},
	Year = {2009}}

@inproceedings{LeBu.03-ProB,
	Author = {Michael Leuschel and Michael Butler},
	Crossref = {ArGnMa.03-FME},
	Keywords = {B-Method, Tool Support, Model Checking, Animation, Logic Programming, Constraints},
	Pages = {855--874},
	Publisher = {Springer-Verlag},
	Title = {Pro{B}: A Model Checker for {B}}}

@proceedings{ArGnMa.03-FME,
	Booktitle = {FME 2003: Formal Methods},
	Doi = {10.1007/b13229},
	Editor = {Keijiro Araki and Stefania Gnesi and Dino Mandrioli},
	Isbn = {978-3-540-40828-4},
	Publisher = {Springer Berlin / Heidelberg},
	Series = {Lecture Notes in Computer Science},
	Title = {FME 2003: Formal Methods},
	Volume = {2805},
	Year = {2003}}

@inproceedings{Matra.99-Meteor,
	Author = {Patrick Behm and Paul Benoit and Alain Faivre and Jean-Marc Meynadier},
	Booktitle = {Proceedings of FM'99: World Congress on Formal Methods},
	Editor = {Jeannette M. Wing and Jim Woodcock and Jim Davies},
	Month = sep,
	Pages = {369--387},
	Publisher = {Springer-Verlag},
	Series = {Lecture Notes in Computer Science},
	Title = {METEOR : A successful application of B in a large project},
	Volume = {1708},
	Year = {1999}}

@inproceedings{FF.07-ICFEM,
	Author = {Beno{\^\i}t Fraikin and Marc Frappier},
	Booktitle = {9th International Conference on Formal Engineering Methods (ICFEM 2007)},
	Doi = {10.1007/978-3-540-76650-6_19},
	Editor = {Jim Woodcock and Jin Song Dong},
	Journal = {Formal Methods and Software Engineering},
	Month = nov,
	Pages = {327--344},
	Publisher = {Springer Berlin/Heidelberg},
	Series = {LNCS},
	Title = {Efficient Symbolic Execution of Large Quantifications in a Process Algebra},
	Url = {http://www.springerlink.com/content/9x862078502487r7},
	Volume = {4789},
	Year = {2007}}

@inproceedings{Pn.79-The-Temporal-Semantics-of-Concurrent-Programs,
	Address = {London, UK},
	Author = {Amir Pnueli},
	Booktitle = {Proceedings of the International Sympoisum on Semantics of Concurrent Computation},
	Isbn = {3-540-09511-X},
	Keywords = {Temporal semantics, Concurrency},
	Pages = {1--20},
	Publisher = {Springer-Verlag},
	Title = {{The Temporal Semantics of Concurrent Programs}},
	Year = {1979}}

@phdthesis{FRA.06-thesis,
	Address = {Sherbrooke, Qu{\'e}bec, Canada},
	Author = {Beno{\^\i}t Fraikin},
	Month = apr,
	School = {D{\'e}partement d'informatique, Universit{\'e} de Sherbrooke},
	Title = {Interpr{\'e}tation efficace d'expression de processus \textsc{eb}${}^3$},
	Url = {http://www.dmi.usherb.ca/~gril/doc/eb3pai/pdf/06-thesis.pdf},
	Year = {2006}}

@mastersthesis{Ri.01-EB3,
	Address = {Sherbrooke, Qu{\'e}bec, Canada},
	Author = {Mario Richard},
	Keywords = {EB3, Formal conformace testing, Object-orientation},
	School = {Universit{\'e} de Sherbrooke, D{\'e}partement d'informatique},
	Title = {Int{\'e}gration de la m{\'e}thode {$\textsc{eb}^{3}$} dans un processus logiciel orient{\'e} objets},
	Year = {2001}}

@techreport{FRA.05-TR9,
	Address = {Sherbrooke, Qu{\'e}bec, Canada},
	Author = {Beno{\^\i}t Fraikin},
	Institution = {Universit{\'e} de Sherbrooke, D{\'e}partement d'informatique},
	Month = jan,
	Number = {9},
	Title = {D{\'e}monstration de l'{\'e}quivalence des syst{\`e}mes de r{\`e}gles \textsc{fsd} et \textsc{pai} pour $\textsc{eb}^{3}$},
	Url = {http://www.dmi.usherb.ca/~gril/doc/eb3pai/pdf/05-TR9.pdf},
	Year = {2005}}

@incollection{BB.89-LOTOS,
	Author = {Tommaso Bolognesi and Ed Brinksma},
	Booktitle = {The Formal Description Technique LOTOS},
	Editor = {P. H. J. van Eijk and C. A. Vissers and M. Diaz},
	Pages = {23--73},
	Publisher = {Elsevier Science Publishers B.V.},
	Title = {Introduction to the {ISO} specification language {LOTOS}},
	Year = {1989}}

@misc{INRIA.cadp,
	Author = {INRIA Rh{\^o}ne-Alpes},
	Note = {Site visit\'e le 10 octobre 2007},
	Organization = {INRIA Rh{\^o}ne-Alpes},
	Title = {CADP: Caesar/Aldebaran Development Package},
	Url = {http://www.inrialpes.fr/vasy/cadp/}}

@booklet{La.02-CDBD,
	Address = {{\'E}vry, France},
	Affiliation = {CEDRIC Laboratory},
	Author = {R{\'e}gine Laleau},
	Title = {Conception et d{\'e}veloppement formels d'applications bases de donn{\'e}es.},
	Url = {http://cedric.cnam.fr/PUBLIS/RC424.ps.gz},
	Year = {2002}}

@booklet{STE.97-Manuel-B,
	Author = {STERIA},
	Howpublished = {Manuel distribu\'e avec l'Atelier~B},
	Organization = {STERIA},
	Title = {Prouveur int\'eractif, Manuel Utilisateur (Version 3.1)},
	Year = {1997}}

@misc{Gi.08-Logic-Vs.-Intelligence,
	Author = {Jean-Yves Girard},
	Month = feb,
	Title = {{Logic Vs. Intelligence}},
	Url = {http://iml.univ-mrs.fr/~girard/Articles.html},
	Year = {2008}}

@unpublished{BuDo.99-guide-B,
	Author = {Burdy Lillian and Doll\'e Daniel},
	Month = may,
	Note = {document interne Matra Transport International},
	Title = {Guide de d\'eveloppement en B},
	Year = {1999}}

